@conference{Boren2015,
    title = {{Coloration metrics for headphone equalization}},
    author = {Boren, Braxton and Geronazzo, Michele and Brinkmann, Fabian and Choueiri, Edgar},
    booktitle = {Proceedings of the 21st International Conference on Auditory Display},
    pages = {29--34},
    month = {July},
    year = {2015},
    url = {http://iem.kug.ac.at/fileadmin/media/institut-17/icad15/proceedings150707_2.pdf}
}

@article{Dietz2011,
    author = {Dietz, Mathias and Ewert, Stephan D. and Hohmann, Volker},
    title = {{Auditory model based direction estimation of concurrent speakers from binaural signals}},
    journal = {Speech Communication},
    volume = "53",
    number = "5",
    pages = {592--605},
    year = {2011},
    note = "Perceptual and Statistical Audition",
    issn = "0167-6393",
    doi = "10.1016/j.specom.2010.05.006",
    url = "http://www.sciencedirect.com/science/article/pii/S016763931000097X"
}

@article{FliegeMaier1999,
    author = {Fliege, J\"{o}rg and Maier, Ulrike},
    title = {{The distribution of points on the sphere and corresponding cubature formulae}},
    journal = {IMA Journal of Numerical Analysis},
    volume = {19},
    number = {2},
    pages = {317--334},
    year = {1999},
    doi = {10.1093/imanum/19.2.317}
}

@conference{Gerzon1992,
    title = {{General Metatheory of Auditory Localisation}},
    author = {Gerzon, Michael A.},
    booktitle = {Audio Engineering Society Convention 92},
    month = {March},
    year = {1992},
    url = {http://www.aes.org/e-lib/browse.cfm?elib=6827}
}

@article{GlasbergMoore1990,
    title = {Derivation of auditory filter shapes from notched-noise data},
    author = {Glasberg, Brian R. and Moore, Brian C. J.},
    journal = {Hearing Research},
    volume = {47},
    number = {1},
    pages = {103--138},
    year = {1990},
    publisher = {Elsevier}
}

@book{GumerovDuraiswami2005,
    author = {Gumerov, Nail A. and Duraiswami, Ramani},
    title = {Fast Multipole Methods for the Helmholtz Equation in Three Dimensions},
    publisher = {Elsevier Science},
    year = {2005}
}

@article{HatziantoniouMourjopoulos2000,
    title = {{Generalized Fractional-Octave Smoothing of Audio and Acoustic Responses}},
    author = {Hatziantoniou, Panagiotis D. and Mourjopoulos, John N.},
    journal = {J. Audio Eng. Soc.},
    volume = {48},
    number = {4},
    pages = {259--280},
    year = {2000},
    month = {Apr.},
    url = {http://www.aes.org/e-lib/browse.cfm?elib=12070}
}

@conference{Heller2008,
    title = {Is My Decoder Ambisonic?},
    author = {Heller, Aaron and Lee, Richard and Benjamin, Eric},
    booktitle = {Audio Engineering Society Convention 125},
    month = {October},
    year = {2008},
    url = {http://www.aes.org/e-lib/browse.cfm?elib=14705}
}

@article{Kates1984,
    title = {A Perceptual Criterion for Loudspeaker Evaluation},
    author = {Kates, James M.},
    journal = {The Journal of the Audio Engineering Society},
    volume = {32},
    number = {12},
    pages = {938--945},
    year = {1984},
    url = {http://www.aes.org/e-lib/browse.cfm?elib=4469}
}

@article{Lindemann1986a,
    author = {W. Lindemann},
    title = {{Extension of a binaural cross-correlation model by contralateral inhibition. I. Simulation of lateralization for stationary signals}},
    journal = {The Journal of the Acoustical Society of America},
    volume = {80},
    number = {6},
    pages = {1608-1622},
    year = {1986},
    doi = {10.1121/1.394325}
}

@conference{Nachbar2011,
    title = {{ambiX - A Suggested Ambisonics Format}},
    author = {Nachbar, Christian and Zotter, Franz and Deleflie, Etienne and Sontacchi, Alois},
    booktitle = {Proceedings of the 3rd Ambisonics Symposium},
    month = {June},
    year = {2011},
    url = {http://ambisonics.iem.at/proceedings-of-the-ambisonics-symposium-2011/ambix-a-suggested-ambisonics-format}
}

@article{Pulkki1999,
    title = {Analyzing Virtual Sound Source Attributes Using a Binaural Auditory Model},
    author = {Pulkki, Ville and Karjalainen, Matti and Huopaniemi, Jyri},
    journal = {The Journal of the Audio Engineering Society},
    volume = {47},
    number = {4},
    pages = {203--217},
    year = {1999},
    url = {http://www.aes.org/e-lib/browse.cfm?elib=12110}
}

@phdthesis{Salomons1995PhD,
    author = {Salomons, Aurelia Maria},
    title = {{Coloration and Binaural Decoloration of Sound due to Reflections}},
    school = {Delft University of Technology},
    year = {1995}
}

@conference{ScharerLindau2009,
    title = {{Evaluation of Equalization Methods for Binaural Signals}},
    author = {Sch\"{a}rer, Zora and Lindau, Alexander},
    booktitle = {Audio Engineering Society Convention 126},
    month = {May},
    year = {2009},
    url = {http://www.aes.org/e-lib/browse.cfm?elib=14917}
}

@incollection{SondergaardMajdak2013,
    author = {S{\o}ndergaard, P. L. and Majdak, P.},
    editor = "Blauert, Jens",
    title = "The Auditory Modeling Toolbox",
    booktitle = "The Technology of Binaural Listening",
    year = "2013",
    publisher = "Springer Berlin Heidelberg",
    address = "Berlin, Heidelberg",
    pages = "33--56",
    isbn = "978-3-642-37762-4",
    doi = "10.1007/978-3-642-37762-4_2"
}

@article{Stitt2016,
    title = {{Extended Energy Vector Prediction of Ambisonically Reproduced Image Direction at Off-Center Listening Positions}},
    author = {Stitt, Peter and Bertet, St\'{e}phanie and van Walstijn, Maarten},
    journal = {J. Audio Eng. Soc.},
    volume = {64},
    number = {5},
    pages = {299--310},
    year = {2016},
    url = {http://www.aes.org/e-lib/browse.cfm?elib=18135}
}

@article{Tylka2017,
    title = {A Generalized Method for Fractional-Octave Smoothing of Transfer Functions that Preserves Log-Frequency Symmetry},
    author = {Tylka, Joseph G. and Boren, Braxton B. and Choueiri, Edgar Y.},
    journal = {The Journal of the Audio Engineering Society},
    volume = {65},
    number = {3},
    pages = {239--245},
    year = {2017},
    doi = {10.17743/jaes.2016.0053},
    url = {http://www.aes.org/e-lib/browse.cfm?elib=18558}
}

@article{TylkaChoueiri2017a,
    author = {Tylka, Joseph G. and Choueiri, Edgar Y.},
    title = {Models for evaluating navigational techniques for higher-order ambisonics},
    journal = {Proceedings of Meetings on Acoustics},
    volume = {30},
    number = {1},
    pages = {050009},
    year = {2017},
    month = {October},
    doi = {10.1121/2.0000625},
    url = {http://asa.scitation.org/doi/10.1121/2.0000625}
}

@incollection{Wierstorf2013,
    author = {Wierstorf, H. and Raake, A. and Spors, S.},
    editor = "Blauert, Jens",
    title = "Binaural Assessment of Multichannel Reproduction",
    booktitle = "The Technology of Binaural Listening",
    year = "2013",
    publisher = "Springer Berlin Heidelberg",
    address = "Berlin, Heidelberg",
    pages = "255--278",
    isbn = "978-3-642-37762-4",
    doi = "10.1007/978-3-642-37762-4_10"
}

@conference{Wittek2007,
    title = {On the Sound Color Properties of Wavefield Synthesis and Stereo},
    author = {Wittek, Helmut and Rumsey, Francis and Theile, G\"{u}nther},
    booktitle = {Audio Engineering Society Convention 123},
    month = {October},
    year = {2007},
    url = {http://www.aes.org/e-lib/browse.cfm?elib=14225}
}

@phdthesis{Zotter2009PhD,
    author = {Zotter, Franz},
    title = {{Analysis and Synthesis of Sound-Radiation with Spherical Arrays}},
    school = {University of Music and Performing Arts Graz},
    year = {2009}
}